@book{koza92,
		author    = "Koza, John R.",
		title     = "Genetic Programming: On the Programming of Computers by Means of Natural Selection",
		publisher = "MIT Press",
		year      = "1992"
}


@misc{ wiki:latex,
       author = "Wikipedia",
       title = "LaTeX --- Wikipedia{,} La enciclopedia libre",
       year = "2015",
       url = "https://es.wikipedia.org/w/index.php?title=LaTeX&oldid=84209252",
       note = "[Internet; descargado 30-septiembre-2015]"
}

@misc{misc:python2023, 
    url={https://www.python.org/downloads/release/python-3913/}, 
    journal={Python.org}
} 

@misc{misc:code2023, 
    title={Visual studio code - code editing. redefined}, 
    url={https://code.visualstudio.com/}, 
    journal={RSS}, 
    publisher={Microsoft}, 
    author={Microsoft}, 
    year={2021},
    month={Nov}
}

@misc{misc:conda2023, 
    url={https://anaconda.org/anaconda/anaconda-navigator}, 
    journal={Anaconda.org}
} 

@misc{misc:tensorflow2023, 
    url={https://www.tensorflow.org/?hl=es-419}, 
    journal={TensorFlow}
} 

@misc{misc:tensorflow_save2023, 
    url={https://www.tensorflow.org/guide/keras/save_and_serialize?hl=es-419}, 
    journal={TensorFlow}
} 

@inbook{book:palacio2021,
  author         = {Palacio, Marta},
  chapter        = {1},
  editor         = {Iubaris Info 4 Media SL},
  pages          = {11},
  publisher      = {Iubaris Info 4 Media SL},
  title          = {Scrum Master},
  year           = {2021}
}

@misc{misc:zenhub2023, 
    url={https://www.zenhub.com/}, 
    journal={Zenhub}
} 