@book{koza92,
		author    = "Koza, John R.",
		title     = "Genetic Programming: On the Programming of Computers by Means of Natural Selection",
		publisher = "MIT Press",
		year      = "1992"
}


@misc{ wiki:latex,
       author = "Wikipedia",
       title = "LaTeX --- Wikipedia{,} La enciclopedia libre",
       year = "2015",
       url = "https://es.wikipedia.org/w/index.php?title=LaTeX&oldid=84209252",
       note = "[Internet; descargado 30-septiembre-2015]"
}


@article{bortolot2005,
  title={Estimating forest biomass using small footprint LiDAR data: An individual tree-based approach that incorporates training data},
  author={Bortolot, Zachary J and Wynne, Randolph H},
  journal={ISPRS Journal of Photogrammetry and Remote Sensing},
  volume={59},
  number={6},
  pages={342--360},
  year={2005},
  publisher={Elsevier}
}

@book{alma991002270696805771,
  author = {Piqueras, Juan},
  address = {Valencia},
  booktitle = {Historia de la vid y el vino en España edades Antigua y Media},
  isbn = {9788437095394},
  keywords = {Industria vitivinícola -- España},
  language = {spa},
  publisher = {Univeritat de València},
  title = {Historia de la vid y el vino en España edades Antigua y Media },
  year = {2014},
}

@misc{MAPA_Historia,
  author= "Ministerio de Agricultura Pesca y Alimentación",
  title={El Cultivo de la Vid en España}, 
  url={https://www.mapa.gob.es/es/ministerio/archivos-biblioteca-mediateca/archivos/Cultivo.aspx}, 
  journal={El cultivo de la vid en España}
} 
